<?xml version="1.0" encoding="UTF-8"?><collection xmlns="http://www.loc.gov/MARC21/slim"><record><leader>00320nam--2200133-i-4500</leader><controlfield tag="001">000039715</controlfield><controlfield tag="002">20161230</controlfield><controlfield tag="005">20161230201042</controlfield><controlfield tag="008">060222s1000------------r-----000-0-eng-d</controlfield><datafield ind1=" " ind2=" " tag="080"><subfield code="a">541.28</subfield></datafield><datafield ind1=" " ind2=" " tag="100"><subfield code="a">Roth, E</subfield></datafield><datafield ind1=" " ind2=" " tag="245"><subfield code="a">Chimie nucleaire appliquee</subfield></datafield><datafield ind1=" " ind2=" " tag="260"><subfield code="a">Paris, Messon Et C-ie Ed., 1968, Ix + 629p</subfield></datafield><datafield ind1=" " ind2=" " tag="852"><subfield code="a">29891</subfield></datafield></record></collection>